<record><leader>00000cas a22000007a 4500</leader><controlfield tag="001">16404030</controlfield><controlfield tag="008">870807d1947194uinuwr ne      0    0eng d</controlfield><datafield ind1=" " ind2=" " tag="010"><subfield code="a">sn 87056554 </subfield></datafield><datafield ind1=" " ind2=" " tag="040"><subfield code="a">NPI</subfield><subfield code="b">eng</subfield><subfield code="c">NPI</subfield><subfield code="d">OCLCQ</subfield></datafield><datafield ind1=" " ind2=" " tag="042"><subfield code="a">msc</subfield></datafield><datafield ind1="0" ind2=" " tag="130"><subfield code="a">Indianapolis post (Indianapolis, Ind. : 1947)</subfield></datafield><datafield ind1="1" ind2="4" tag="245"><subfield code="a">The Indianapolis post.</subfield></datafield><datafield ind1=" " ind2=" " tag="260"><subfield code="a">Indianapolis, Ind. :</subfield><subfield code="b">Post Pub. Co.,</subfield><subfield code="c">1947-</subfield></datafield><datafield ind1=" " ind2=" " tag="310"><subfield code="a">Weekly</subfield></datafield><datafield ind1="0" ind2=" " tag="362"><subfield code="a">Vol. 4, no. 52 (Apr. 19, 1947)-</subfield></datafield><datafield ind1=" " ind2=" " tag="521"><subfield code="a">"Black." Cf. Miller, John Indiana Newspaper Bibliog.</subfield></datafield><datafield ind1=" " ind2=" " tag="752"><subfield code="a">United States</subfield><subfield code="b">Indiana</subfield><subfield code="c">Marion</subfield><subfield code="d">Indianapolis.</subfield></datafield><datafield ind1="0" ind2="0" tag="780"><subfield code="t">Mid-western post</subfield><subfield code="w">(DLC)sn 87056553</subfield></datafield></record>